@book{kilduff2003social,
  title={Social networks and organizations},
  author={Kilduff, Martin and Tsai, Wenpin},
  year={2003},
  publisher={Sage}
}

@misc{dictionary2002cambridge,
  title={Cambridge dictionaries online},
  author={Dictionary, Cambridge},
  year={2002},
  publisher={Retrieved}
}

@misc{webopediasn,
  title={Webopedia definition for Social Network},
  author={Vangie Beal},
  year={2016}
}

@book{wasserman1994social,
  title={Social network analysis: Methods and applications},
  author={Wasserman, Stanley and Faust, Katherine},
  volume={8},
  year={1994},
  publisher={Cambridge university press}
}

@book{barnes1954class,
  title={Class and committees in a Norwegian island parish},
  author={Barnes, John Arundel},
  year={1954},
  publisher={Plenum New York}
}

@article{ellison2007social,
  title={Social network sites: Definition, history, and scholarship},
  author={Ellison, Nicole B and others},
  journal={Journal of Computer-Mediated Communication},
  volume={13},
  number={1},
  pages={210--230},
  year={2007},
  publisher={Wiley Online Library}
}

@misc{youtube,
  title={Youtube Statistics},
  author={fortunelords.com},
  year={2016}
}

@misc{expandedramblings,
  title={Social Media Statistics},
  author={expandedramblings.com},
  year={2016}
}

@misc{meetup,
  title={Meetup about page},
  author={meetup.com},
  year={2016}
}

@misc{rgate,
  title={ResearchGate about page},
  author={researchgate.net},
  year={2016}
}

@misc{csurf,
  title={Couchsurfing about page},
  author={couchsurfing.com},
  year={2016}
}

@misc{statista,
  title={statista, Global social media ranking},
  author={statista.com},
  year={2016}
}
